@article{Wiedemann2015-Berlin,
 title = {Mental health care in {England} - {O}verview of the improving access to psychological therapies {(IAPT)} programme},
 author = {Wiedemann, Milan},
 journal = {Local Health Authority Berlin Pankow},
 date = {2015},
 keywords = {invited-presentation},
 }
 
@article{Wiedemann2016-Berlin,
 title = {Digital methods in internet-delivered cognitive therapy for {PTSD}: {Results} from a pilot study},
 author = {Wiedemann, Milan},
 journal = {Local Health Authority Berlin Pankow},
 date = {2016},
 keywords = {invited-presentation},
 }

@article{Wiedemann2017-EABCT,
  title = {Predictors and processes of sudden gains in cognitive therapy for {PTSD}},
  author = {Wiedemann, Milan  and Clark, David M and Ehlers, Anke},
  journal = {European Association for Behavioural and Cognitive Therapies, Ljubljana, Slovenia},
  date = {2017},
  keywords = {conference-presentation},
  }
 
@article{Wiedemann2018-Exeter,
  title = {Sudden gains in cognitive therapy for {PTSD} - {C}an large and stable improvements between sessions help us understand how therapy works?},
  author = {Wiedemann, Milan and Clark, David M and Ehlers, Anke},
  journal = {University of Exeter, Mood Disorder Centre, The Think-Tank Seminar},
  date = {2018},
 keywords = {invited-presentation},
  }
  
@article{Wiedemann2018-Groningen,
 title = {Processes of change in cognitive therapy for {PTSD} - {S}udden symptom improvements during therapy},
 author = {Wiedemann, Milan and Clark, David M and Ehlers, Anke},
 journal = {University of Groningen, WEIRD Seminar Series},
 date = {2018},
 keywords = {invited-presentation},
 }
 
 @article{Wiedemann2018-DeRubeis,
 title = {Processes of change in cognitive therapy for {PTSD} - {T}aking a closer look at how therapy works},
 author = {Wiedemann, Milan and Clark, David M and Ehlers, Anke},
 journal = {University of Pennsylvania, DeRubeis Lab},
 date = {2018},
 keywords = {invited-presentation},
 }
 
 @article{Wiedemann2019a-WCBCT,
  title = {A test of theory-derived mediators of clinical improvement in cognitive therapy for {PTSD}},
  author = {Wiedemann, Milan and Janecka, Magdalena and Wild, Jennifer and Warnock-Parkes, Emma and Stott, Richard and Grey, Nick and Clark, David M and Ehlers, Anke},
  journal = {World Congress of Behavioural and Cognitive Therapies, Berlin, Germany},
  date = {2019},
  keywords = {conference-presentation},
  }
  
  @article{Wiedemann2019b-WCBCT,
  title = {Cognitive processes of sudden gains in cognitive therapy for {PTSD} in routine clinical care},
  author = {Wiedemann, Milan and Stott, Richard and Nickless, Alecia and Beierl, Esther T and Wild, Jennifer and Warnock-Parkes, Emma and Grey, Nick and Clark, David M and Ehlers, Anke},
  journal = {World Congress of Behavioural and Cognitive Therapies, Berlin, Germany},
  date = {2019},
  keywords = {conference-presentation},
  }
  
  @article{Wiedemann2019c-WCBCT,
  title = {Automating the identification of sudden gains within psychological therapy datasets: A new R package},
  author = {Wiedemann, Milan and Thew, Graham R. and Stott, Richard and Ehlers, Anke},
  journal = {World Congress of Behavioural and Cognitive Therapies, Berlin, Germany},
  date = {2019},
  keywords = {conference-presentation},
  }
 