@article{Kosir2019, 
 title={Psychiatric disorders in adolescent cancer survivors: {A} systematic review of prevalence and predictors}, 
 ISSN={25738348}, 
 DOI={10.1002/cnr2.1168},
 journal={Cancer Reports},
 author={Kosir, Urska and Wiedemann, Milan  and Wild, Jennifer and Bowes, Lucy}, 
 date={2019}, 
 pages={e1168}, 
 keywords = {peer-reviewed}
 }




@article{Wild2016,
  title = {Internet-delivered cognitive therapy for {{PTSD}}: {{A}} development pilot series},
  volume = {7},
  doi = {10.3402/ejpt.v7.31019},
  number = {1},
  journal = {European Journal of Psychotraumatology},
  author = {Wild, Jennifer and Warnock-Parkes, Emma and Grey, Nick and Stott, Richard and Wiedemann, Milan  and Canvin, Lauren and Rankin, Harriet and Shepherd, Emma and Forkert, Ava and Clark, David M and Ehlers, Anke},
  date = {2016},
  keywords = {peer-reviewed}
  }

 @article{R-suddengains, title={{suddengains}: {An} {R} package to identify sudden gains in longitudinal data}, url={https://github.com/milanwiedemann/suddengains}, DOI={10.31234/osf.io/2wa84}, journal={PsyArXiv Preprints}, author={Wiedemann, Milan and Thew, Graham R. and Stott, Richard and Ehlers, Anke}, year={2019},
    keywords = {software} }

@Manual{R-lcstools,
    author = {Wiedemann, Milan},
    title = {{lcstools}: {An} {R} package and tutorial on specifying, analysing, and visualising latent change score models.},
    year = {2019},
    keywords = {software},
    url = {https://github.com/milanwiedemann/lcstools},
    }